@inproceedings{hsieh2008dual,
  title={A dual coordinate descent method for large-scale linear SVM},
  author={Hsieh, Cho-Jui and Chang, Kai-Wei and Lin, Chih-Jen and Keerthi, S Sathiya and Sundararajan, Sellamanickam},
  booktitle={Proceedings of the 25th international conference on Machine learning},
  pages={408--415},
  year={2008},
  organization={ACM}
}

@book{nesterov1994interior,
  title={Interior-point polynomial algorithms in convex programming},
  author={Nesterov, Yurii and Nemirovskii, Arkadii and Ye, Yinyu},
  volume={13},
  year={1994},
  publisher={SIAM}
}

@article{DBLP:journals/corr/HeZRS15,
  author    = {Kaiming He and
               Xiangyu Zhang and
               Shaoqing Ren and
               Jian Sun},
  title     = {Deep Residual Learning for Image Recognition},
  journal   = {CoRR},
  volume    = {abs/1512.03385},
  year      = {2015},
  url       = {http://arxiv.org/abs/1512.03385},
  timestamp = {Wed, 30 Mar 2016 23:40:00 +0200},
  biburl    = {http://dblp.uni-trier.de/rec/bib/journals/corr/HeZRS15},
  bibsource = {dblp computer science bibliography, http://dblp.org}
}

@article{DBLP:journals/corr/SrivastavaGS15a,
  author    = {Rupesh Kumar Srivastava and
               Klaus Greff and
               J{\"{u}}rgen Schmidhuber},
  title     = {Training Very Deep Networks},
  journal   = {CoRR},
  volume    = {abs/1507.06228},
  year      = {2015},
  url       = {http://arxiv.org/abs/1507.06228},
  timestamp = {Sun, 02 Aug 2015 18:42:02 +0200},
  biburl    = {http://dblp.uni-trier.de/rec/bib/journals/corr/SrivastavaGS15a},
  bibsource = {dblp computer science bibliography, http://dblp.org}
}
